{
    "quarterly_stats": [
        {
            "quarter": "2023Q1",
            "revenue": 518719.0,
            "profit": 140229.65,
            "order_id": 2386,
            "margin_pct": 0.27033837202801514,
            "aov": 217.4010896898575
        },
        {
            "quarter": "2023Q2",
            "revenue": 687990.5,
            "profit": 182930.2,
            "order_id": 3054,
            "margin_pct": 0.2658905900590197,
            "aov": 225.2752128356254
        },
        {
            "quarter": "2023Q3",
            "revenue": 741947.5,
            "profit": 194709.15,
            "order_id": 3176,
            "margin_pct": 0.2624298215170211,
            "aov": 233.61067380352645
        },
        {
            "quarter": "2023Q4",
            "revenue": 1091120.0,
            "profit": 285025.45,
            "order_id": 5206,
            "margin_pct": 0.2612228260869565,
            "aov": 209.5889358432578
        },
        {
            "quarter": "2024Q1",
            "revenue": 534635.0,
            "profit": 141488.1,
            "order_id": 2412,
            "margin_pct": 0.2646442900296464,
            "aov": 221.65630182421228
        },
        {
            "quarter": "2024Q2",
            "revenue": 696718.0,
            "profit": 183623.125,
            "order_id": 3038,
            "margin_pct": 0.26355444383523896,
            "aov": 229.3344305464121
        },
        {
            "quarter": "2024Q3",
            "revenue": 708923.0,
            "profit": 189380.025,
            "order_id": 3188,
            "margin_pct": 0.26713765105660275,
            "aov": 222.3723337515684
        },
        {
            "quarter": "2024Q4",
            "revenue": 1047743.0,
            "profit": 280584.075,
            "order_id": 5174,
            "margin_pct": 0.26779856796943524,
            "aov": 202.50154619250097
        },
        {
            "quarter": "2025Q1",
            "revenue": 554404.0,
            "profit": 144535.0,
            "order_id": 2372,
            "margin_pct": 0.26070338597845616,
            "aov": 233.72849915682968
        },
        {
            "quarter": "2025Q2",
            "revenue": 700630.0,
            "profit": 183650.35,
            "order_id": 3050,
            "margin_pct": 0.2621217332971754,
            "aov": 229.71475409836066
        },
        {
            "quarter": "2025Q3",
            "revenue": 714270.5,
            "profit": 188852.45,
            "order_id": 3133,
            "margin_pct": 0.2643990617000142,
            "aov": 227.98292371528885
        },
        {
            "quarter": "2025Q4",
            "revenue": 1086362.0,
            "profit": 287167.375,
            "order_id": 5217,
            "margin_pct": 0.26433856762294705,
            "aov": 208.2350009584052
        }
    ],
    "channel_roas": {
        "Email": {
            "spend": 7530.0,
            "revenue": 1291586.5,
            "roas": 171.5254316069057
        },
        "Organic": {
            "spend": 0.0,
            "revenue": 6167402.0,
            "roas": 0.0
        },
        "Paid Search": {
            "spend": 676160.95,
            "revenue": 1475235.0,
            "roas": 2.1817808319158334
        },
        "Social": {
            "spend": 89226.65,
            "revenue": 149239.0,
            "roas": 1.672583247269734
        }
    },
    "category_quarterly_pct": {
        "2023Q1": {
            "Electronics": 0.5177562418187882,
            "Fashion": 0.22367408943956169,
            "Home": 0.17137120483344548,
            "Sports": 0.08719846390820464
        },
        "2023Q2": {
            "Electronics": 0.5359812381130262,
            "Fashion": 0.21527768188659582,
            "Home": 0.16375807514783997,
            "Sports": 0.08498300485253793
        },
        "2023Q3": {
            "Electronics": 0.5370730408822727,
            "Fashion": 0.20735833734866685,
            "Home": 0.17162130743752085,
            "Sports": 0.08394731433153962
        },
        "2023Q4": {
            "Electronics": 0.555470525698365,
            "Fashion": 0.20844911650414252,
            "Home": 0.152749010191363,
            "Sports": 0.08333134760612948
        },
        "2024Q1": {
            "Electronics": 0.5631505606628822,
            "Fashion": 0.2252508720903046,
            "Home": 0.13076210872838478,
            "Sports": 0.08083645851842847
        },
        "2024Q2": {
            "Electronics": 0.547459660867094,
            "Fashion": 0.21154182897528126,
            "Home": 0.15312221013379876,
            "Sports": 0.087876300023826
        },
        "2024Q3": {
            "Electronics": 0.5434299634798138,
            "Fashion": 0.22856643105104504,
            "Home": 0.14481332951533524,
            "Sports": 0.08319027595380599
        },
        "2024Q4": {
            "Electronics": 0.5293187356059644,
            "Fashion": 0.21756194028497447,
            "Home": 0.16199583294758352,
            "Sports": 0.09112349116147758
        },
        "2025Q1": {
            "Electronics": 0.561954819950794,
            "Fashion": 0.21010851292559216,
            "Home": 0.14537142589158808,
            "Sports": 0.08256524123202574
        },
        "2025Q2": {
            "Electronics": 0.5656266503004439,
            "Fashion": 0.2122960763883933,
            "Home": 0.13770891911565306,
            "Sports": 0.08436835419550975
        },
        "2025Q3": {
            "Electronics": 0.5398584989860284,
            "Fashion": 0.22185712555677436,
            "Home": 0.1594654966150779,
            "Sports": 0.07881887884211934
        },
        "2025Q4": {
            "Electronics": 0.5493058483268008,
            "Fashion": 0.2135558865276952,
            "Home": 0.15681237009394658,
            "Sports": 0.0803258950515574
        }
    },
    "orders_per_customer": {
        "1": 21223,
        "2": 6029,
        "3": 1739,
        "4": 461,
        "5": 148,
        "6": 37,
        "7": 10,
        "8": 4
    },
    "country_category_pct": {
        "DE": {
            "Electronics": 0.5524465186312104,
            "Fashion": 0.2118025887101256,
            "Home": 0.15309671366149827,
            "Sports": 0.08265417899716572
        },
        "NL": {
            "Electronics": 0.5382177367269612,
            "Fashion": 0.2196230353885533,
            "Home": 0.1564983772051744,
            "Sports": 0.08566085067931115
        }
    },
    "retention_by_channel": {
        "Email": 0.45642917967641217,
        "Organic": 0.3961299320123191,
        "Paid Search": 0.40037410540013013,
        "PaidSearch": 0.391025641025641,
        "Social": 0.3806070826306914
    }
}